%% LaTeX2e file `project3_report.bib'
%% generated by the `filecontents' environment
%% from source `project3_report' on 2013/10/28.
%%
@Manual{proj2,
title = {project2_2013},
OPTkey = {•},
OPTauthor = {•},
OPTorganization = {•},
OPTaddress = {•},
OPTedition = {•},
OPTmonth = {•},
OPTyear = {2013},
note = {Project description for project 2 in FYS4150},
OPTannote = {•}
}

